@MISC{bib:misc:1,
   AUTHOR       = "",
   TITLE        = "PostgreSQL", 
   NOTE 		= "\url{https://www.postgresql.org/}"
}
@MISC{bib:misc:2,
   AUTHOR       = "",
   TITLE        = "SciKit-learn",
   NOTE 		= "\url{http://scikit-learn.org/stable/}"
}
@MISC{bib:misc:3,
   AUTHOR       = "",
   TITLE        = "Jupyter", 
   NOTE 		= "\url{http://jupyter.org/}"
}
@MISC{bib:misc:4,
   AUTHOR       = "",
   TITLE        = "Mayoclinic",
   NOTE 		= "\url{http://www.mayoclinic.org/}"
}
@MISC{bib:misc:5,
   AUTHOR       = "Wikipedia.org",
   TITLE        = "Kernel method", 
   NOTE 		= 	"\url{https://en.wikipedia.org/wiki/Kernel_method}"
}
@MISC{bib:misc:6,
   AUTHOR       = "Wikipedia.org",
   TITLE        = "Support Vector Machine",
   NOTE			=  "\url{https://en.wikipedia.org/wiki/Support_vector_machine}"
}

@MISC{bib:misc:7,
	AUTHOR       = "",
	TITLE        = "Django",
	NOTE 		 = "\url{https://www.djangoproject.com/}"
}

@MISC{bib:misc:8,
	AUTHOR       = "",
	TITLE        = "ChatterBot",
	NOTE		 = "\url{https://github.com/gunthercox/ChatterBot}"
}

@MISC{bib:misc:9,
	AUTHOR       = "",
	TITLE        = "Telegram Bot",
	NOTE		 = "\url{https://telegram.org/blog/bot-revolution}"
}

@ARTICLE{bib:article:1,
   AUTHOR       = "Chih-Wei, Hsu AND Chih-Chung, Chang AND Chih-Jen, Lin",
   TITLE        = "A Practical Guide to Support Vector Classification", 
   NOTE			= "\url{http://www.csie.ntu.edu.tw/~cjlin/papers/guide/guide.pdf}",
   JOURNAL      = "National Taiwan University, Taipei 106, Taiwan",
   YEAR 		= "2016",
   MONTH		= "May"
}